<record><leader>00000cas a2200000 a 4500</leader><controlfield tag="001">12757347</controlfield><controlfield tag="008">851104d18741940nyuwr ne      0    0eng  </controlfield><datafield ind1=" " ind2=" " tag="010"><subfield code="a">sn 85042633 </subfield></datafield><datafield ind1=" " ind2=" " tag="040"><subfield code="a">DLC</subfield><subfield code="b">eng</subfield><subfield code="c">DLC</subfield><subfield code="d">MGN</subfield><subfield code="d">SLU</subfield><subfield code="d">NYS</subfield><subfield code="d">OCLCO</subfield><subfield code="d">OCLCQ</subfield><subfield code="d">OCLCF</subfield></datafield><datafield ind1="1" ind2=" " tag="029"><subfield code="a">AU@</subfield><subfield code="b">000022927935</subfield></datafield><datafield ind1=" " ind2=" " tag="042"><subfield code="a">pcc</subfield></datafield><datafield ind1=" " ind2=" " tag="043"><subfield code="a">n-us-ny</subfield></datafield><datafield ind1="0" ind2="0" tag="050"><subfield code="a">Newspaper 7002</subfield></datafield><datafield ind1="0" ind2="0" tag="245"><subfield code="a">Mount Kisco recorder.</subfield></datafield><datafield ind1="3" ind2="0" tag="246"><subfield code="a">Mt. Kisco recorder</subfield></datafield><datafield ind1="3" ind2="0" tag="246"><subfield code="a">Recorder &lt;April 24, 1874&gt;</subfield></datafield><datafield ind1="3" ind2="0" tag="246"><subfield code="a">Recorder and Mount Kisco News &lt;March 9, 1923&gt;</subfield></datafield><datafield ind1=" " ind2=" " tag="260"><subfield code="a">Mt. Kisco, Westchester County, N.Y. :</subfield><subfield code="b">Frank Dromgoole,</subfield><subfield code="c">1874-</subfield></datafield><datafield ind1=" " ind2=" " tag="300"><subfield code="a">v. :</subfield><subfield code="b">ill. ;</subfield><subfield code="c">56-60 cm.</subfield></datafield><datafield ind1=" " ind2=" " tag="310"><subfield code="a">Weekly</subfield></datafield><datafield ind1="0" ind2=" " tag="362"><subfield code="a">Vol. 1, no. 1 (Apr. 24, 1874)-v. 67, no. 22 (Sept. 19, 1940).</subfield></datafield><datafield ind1=" " ind2=" " tag="500"><subfield code="a">Publisher: F. Dromgoole, &lt;Jan. 28, 1910-&gt;</subfield></datafield><datafield ind1=" " ind2=" " tag="500"><subfield code="a">"With which are consolidated: The Katonah Sentinel, est. 1873; The Katonah Recorder, est. 1874 and the Mount Kisco Courier, est. 1880," 1904.</subfield></datafield><datafield ind1=" " ind2=" " tag="500"><subfield code="a">"A Republican local newspaper," &lt;May 11, 1894&gt;</subfield></datafield><datafield ind1="4" ind2=" " tag="510"><subfield code="a">Gregory, W. American newspapers, 1821-1936,</subfield><subfield code="c">p. 459</subfield></datafield><datafield ind1=" " ind2=" " tag="580"><subfield code="a">Formed by the union of : Katonah Recorder, and: Mount Kisco Courier.</subfield></datafield><datafield ind1=" " ind2=" " tag="580"><subfield code="a">Absorbed: Mount Kisco News; after 1919.</subfield></datafield><datafield ind1=" " ind2=" " tag="580"><subfield code="a">Merged with: Post (Croton Falls, N.Y.) and Chronicle (South Salem, N.Y.) to form: Westchester Post.</subfield></datafield><datafield ind1=" " ind2=" " tag="580"><subfield code="a">Supplement: "Picturesque Mt. Kisco" by Isaac de Groff, Aug. 5, 1904.</subfield></datafield><datafield ind1=" " ind2="0" tag="651"><subfield code="a">Bedford (N.Y. : Town)</subfield><subfield code="v">Newspapers.</subfield></datafield><datafield ind1=" " ind2="0" tag="651"><subfield code="a">Mount Kisco (N.Y.)</subfield><subfield code="v">Newspapers.</subfield></datafield><datafield ind1=" " ind2="0" tag="651"><subfield code="a">Westchester County (N.Y.)</subfield><subfield code="v">Newspapers.</subfield></datafield><datafield ind1=" " ind2="7" tag="655"><subfield code="a">Newspapers.</subfield><subfield code="2">fast</subfield><subfield code="0">(OCoLC)fst01423814</subfield></datafield><datafield ind1=" " ind2="7" tag="651"><subfield code="a">New York (State)</subfield><subfield code="z">Bedford (Town)</subfield><subfield code="2">fast</subfield><subfield code="0">(OCoLC)fst01337113</subfield></datafield><datafield ind1=" " ind2="7" tag="651"><subfield code="a">New York (State)</subfield><subfield code="z">Mount Kisco.</subfield><subfield code="2">fast</subfield><subfield code="0">(OCoLC)fst01204258</subfield></datafield><datafield ind1=" " ind2="7" tag="651"><subfield code="a">New York (State)</subfield><subfield code="z">Westchester County.</subfield><subfield code="2">fast</subfield><subfield code="0">(OCoLC)fst01202684</subfield></datafield><datafield ind1=" " ind2=" " tag="752"><subfield code="a">United States</subfield><subfield code="b">New York</subfield><subfield code="c">Westchester</subfield><subfield code="d">Mount Kisco.</subfield></datafield><datafield ind1="1" ind2="4" tag="780"><subfield code="t">Katonah recorder</subfield><subfield code="w">(DLC)sn 83031212</subfield><subfield code="w">(OCoLC)9834103</subfield></datafield><datafield ind1="1" ind2="4" tag="780"><subfield code="t">Mount Kisco courier</subfield><subfield code="w">(DLC)sn2001062094</subfield><subfield code="w">(OCoLC)47813395</subfield></datafield><datafield ind1="1" ind2="5" tag="780"><subfield code="t">Mount Kisco news</subfield><subfield code="w">(DLC)sn2002062086</subfield><subfield code="w">(OCoLC)47787843</subfield></datafield><datafield ind1="1" ind2="7" tag="785"><subfield code="t">Westchester post</subfield><subfield code="w">(DLC)sn 86079122</subfield><subfield code="w">(OCoLC)13353284</subfield></datafield></record>